@book{Lancaster2014,
address = {New York, NY},
author = {Lancaster, Tom and Blundell, Stephen J.},
edition = {First},
isbn = {978-0-19-969933-9},
pages = {350},
publisher = {Oxford University Press},
title = {{Quantum Field Theory for the Gifted Amateur}},
year = {2014}
}
